@misc{ao3,
  title = {Archive of {O}ur {O}wn},
  url = {https://archiveofourown.org/},
}

@misc{luisvonahn,
title = {Luis von {A}hn or whatever.}
}
